02RETORNO01COBRANCA       00000000000004359923BOA VISTA FUNDO DE INVESTIMENT237BRADESCO       0702170160000001466                                                                                                                                                                                                                                                                          080217         000001
10212592411000100000001900286014879221113978      01 01 00001 00000000200003487571000000000000000000000000090207021723273 - 1 00000000200003487571100317000000053094923700435  000000000000000000000000000000000000000000000000000000000000000000000000000000000000000000000000000000000000000000000                          0000000000                                                                  000002
10212592411000100000001900286014879221113979      01 01 00001 0000000020000348758P000000000000000000000000090207021723273 - 2 0000000020000348758P100417000000053094923700435  000000000000000000000000000000000000000000000000000000000000000000000000000000000000000000000000000000000000000000000                          0000000000                                                                  000003
10212592411000100000001900286014879221113981      01 01 00001 00000000200003487601000000000000000000000000090207021723001 - 1 00000000200003487601010317000000123333323704159  000000000000000000000000000000000000000000000000000000000000000000000000000000000000000000000000000000000000000000000                          0000000000                                                                  000004
10212592411000100000001900286014879221113983      01 01 00001 00000000200003487628000000000000000000000000090207021723001 - 3 00000000200003487628300417000000123333423704159  000000000000000000000000000000000000000000000000000000000000000000000000000000000000000000000000000000000000000000000                          0000000000                                                                  000005
9201237          000103890000603031801900001466          00163000189404560000076517494002880000764435630006500012822125700000000000000000000300000451065160000200000178567300000000000000000                                                                                                                                                                              00000000000000000000000         000596
