01REMESSA01COBRANCA       00000000000004359923FIDC TESTE                    237BRADESCO       070217        MX0007896                                                                                                                                                                                                                                                                                     000001
10000000000000000000000900289014779221113978      01 01 00001 0000000020000348757100000000001N           2  0123273 - 1 10031700000005309490000000001N070217000000000000015930000000000000000000000000000000000000000000000209472744000172SACADO                                  R TESTE         808  S 03                           58010180002696282000120  SACADOR AVALISTA                           000002
2PAGAVEL EM QUALQUER BANCO ATE O VENCIMENTO, APOS O VENCIMENTO COBRAR JUROS 9%AM. APOS 3 DIAS DO VENCIMENTO, SERA ENCAMINHADO PARA PROTESTO                     . COMUNICAMOS P/ FINS DO ART.290 DO COD CIVIL QUE ADQUIRIMOS ESTE TITULO        . ATRAVES DE CESSAO                                                             .00000000000000000000000000000000000000       0090028901477922200003487571000003
7ENDERECO SACADOR     - AREIAS                50781000RECIFE              PE                                                                                                                                                                                                                                                                                                  0090028901477922200003487571000004
9                                                                                                                                                                                                                                                                                                                                                                                                         000005
