01REMESSA01COBRANCA       07652226000116      FIDC                          094BANCO PETRA    190717        MX0000001                                                                                                                                                                                                                                                                                                                                 000001
1                   0200    110000  0000000023660999007       0000000000000000000000000348751 190717        77002366099905071700000000334262370000001 010116000020000000000000000000000000000000000000003342600000000000000100030691232288Rogerio Oliveira Santo                                                          00000000000000000000RUBYBANK                                      59156195000106                                            000002
9                                                                                                                                                                                                                                                                                                                                                                                                                                                     000003
